%%Ch1



%%Ch2


%%Ch3


